<?xml version="1.0" encoding="UTF-8"?><record xmlns="http://www.loc.gov/MARC21/slim" xmlns:cinclude="http://apache.org/cocoon/include/1.0" xmlns:zs="http://www.loc.gov/zing/srw/">
  <leader>00532cz  a2200121n  4500</leader>
  <controlfield tag="001">n 2003047058</controlfield>
  <controlfield tag="003">DLC</controlfield>
  <controlfield tag="005">20030617123140.0</controlfield>
  <controlfield tag="008">030609n| acannaabn          |n aaa      </controlfield>
  <datafield tag="010" ind1=" " ind2=" ">
    <subfield code="a">n 2003047058</subfield>
  </datafield>
  <datafield tag="040" ind1=" " ind2=" ">
    <subfield code="a">DLC</subfield>
    <subfield code="b">eng</subfield>
    <subfield code="c">DLC</subfield>
    <subfield code="d">DLC</subfield>
  </datafield>
  <datafield tag="100" ind1="1" ind2=" ">
    <subfield code="a">Martín, Rebeca,</subfield>
    <subfield code="d">1971-</subfield>
  </datafield>
  <datafield tag="670" ind1=" " ind2=" ">
    <subfield code="a">Martín, Rebeca. Efraín Subero, 2001:</subfield>
    <subfield code="b">t.p. (Rebeca Martín) p. 51, etc. (b. Aug. 14, 1971 in Los Teques, Venezuela; degreed in Social Communication; painter and drawer; public relations coordinator at the Instituto Autónomo de Cultura del Estado Miranda)</subfield>
  </datafield>
</record>